2512 4920
413 710 802 799 Pnocaoousna.
1027 739 1102 787 cix

149 906 434 1007 intorpsetationo
454 906 524 1007 ipsa
544 903 685 980 vitiosus
704 905 752 981 est
775 910 835 991 eo',
860 903 951 1003 quod
963 901 1100 979 samoe

149 1034 239 1108 lensu
267 1031 415 1107 universa
440 1036 603 1107 carminis
635 1051 695 1108 aut
715 1037 783 1109 loci
808 1031 956 1107 difficilis
980 1046 1016 1102 et
1037 1029 1098 1102 ob·

147 1162 232 1234 lcuri
254 1159 381 1245 tradit,
408 1158 464 1230 led
483 1158 611 1253 fingula
635 1161 758 1247 verba,
783 1184 869 1259 quae
888 1157 1022 1257 quidem
1038 1153 1100 1227 ol>-
1232 1158 1238 1179 ⁸

145 1286 343 1360 leuntatem
368 1284 494 1358 habere
523 1288 738 1374 viderentur,
772 1283 966 1382 lingulatim
994 1283 1101 1354 vertit

144 1428 182 1489 ct
198 1410 365 1496 illustrat3
400 1435 469 1510 quo
490 1409 541 1499 fit,
566 1429 607 1485 ut
623 1413 729 1513 saepe,
758 1409 896 1507 lingulis
914 1409 1098 1509 explicatis,

146 1536 182 1612 in
202 1555 369 1612 contestu
391 1555 510 1611 tamen
540 1538 750 1612 haereamus.
804 1540 919 1611 Brevis
949 1537 1101 1637 plerum·

148 1690 210 1766 que
220 1681 261 1738 et
276 1690 468 1764 paucorum
486 1663 681 1739 verborum.
723 1664 788 1738 Sed
802 1664 862 1737 ubi
879 1690 931 1738 res
946 1689 985 1735 ex
997 1659 1101 1735 histo·

145 1792 205 1879 ria,
230 1816 272 1862 ex
291 1793 514 1891 antiquitate,
541 1792 760 1888 mythologia
783 1792 980 1891 praesertim
997 1787 1101 1886 expli·

144 1916 250 1991 unda
277 1920 390 2002 venit,
426 1932 504 1990 tuan
529 1918 714 1991 verborum
747 1921 863 1990 minus
886 1940 1008 2016 parcus
1035 1910 1104 2001 est,

143 2058 221 2116 nam
239 2040 382 2116 diffusae
400 2045 490 2116 illius
504 2041 670 2131 leliionis,
690 2070 757 2142 qua
778 2042 941 2143 pollebat,
967 2039 1102 2114 thesau-

145 2194 201 2241 ros
216 2168 365 2240 recludit
387 2185 424 2241 et
437 2170 593 2268 explicat.
645 2174 685 2242 In
700 2170 754 2240 his
771 2169 881 2241 multa
899 2166 986 2251 sunt,
1013 2190 1101 2263 quae

143 2294 247 2366 hodie
263 2296 401 2392 quidem
418 2296 526 2369 nimis
537 2297 687 2395 protrita
703 2295 903 2381 videantur3
927 2318 1014 2391 quae
1028 2315 1102 2363 non

144 2420 290 2494 Brodaei
312 2423 412 2521 culpa
436 2420 503 2508 est,
537 2421 592 2493 sed
611 2439 828 2521 temporum,
862 2419 984 2519 quibus
1004 2442 1101 2491 com·

144 2549 333 2621 montarios
362 2548 438 2621 suos
465 2548 696 2621 concinnavit.
754 2552 833 2619 Nec
856 2560 973 2617 tamen
1000 2566 1099 2636 nega·

143 2654 273 2761 aerina,
308 2700 388 2749 euin
416 2698 664 2772 nonnunquam
691 2688 784 2744 extra
808 2673 899 2744 oleas
920 2685 1103 2762 evagatum

144 2794 218 2870 csse.
272 2804 313 2871 In
334 2799 493 2873 notandis
519 2798 790 2886 imitationibus,
815 2796 982 2897 parodiis,
1009 2792 1100 2868 aliis·

146 2950 214 3023 que
227 2924 330 3021 hujus
348 2928 482 3019 generis
500 2922 718 2999 allusionibus
732 2922 775 2996 ud
788 2938 944 2997 veterum
961 2924 1102 3021 scripto-

144 3074 223 3122 rum
238 3050 333 3122 locos
347 3050 617 3146 diligentillitnus
633 3051 713 3124 fuit.
765 3054 829 3123 Par
844 3068 919 3123 erat
936 3049 1103 3122 eruditio·

142 3177 182 3247 ni
204 3176 387 3268 sagacitas,
401 3268 406 3275 ¹
420 3201 487 3276 qua
511 3178 620 3251 sensus
643 3176 838 3250 reconditos
859 3176 1021 3248 odoratus
1043 3172 1102 3259 est,
1221 3200 1236 3223 ·-

141 3314 181 3372 et
205 3317 307 3373 acute
328 3315 509 3402 postorum
537 3301 628 3379 ditia
655 3306 744 3378 mira
767 3304 970 3402 plerumque
993 3300 1102 3373 felici·

140 3406 219 3499 tate
233 3427 411 3526 ‘expedivit
424 3429 469 3520 ⁸).

149 3794 156 3803 .
188 3728 233 3824 ¹‘)
258 3746 365 3906 Ταΐῳ
392 3747 486 3831 plagii
515 3749 657 3828 crimen,
687 3770 749 3832 quo
771 3749 886 3813 invidia
910 3749 1038 3826 multos,
1068 3747 1107 3810 in

143 4028 150 4047 .
244 3844 1002 4032 l{¹35¹}sssssssssssslllltztltlt‘ltl'
1022 3864 1106 4011 ⁹32¹,

247 4046 384 4126 prolatio
394 4069 539 4131 nonopns
550 4050 683 4113 habebat
695 4049 909 4135 canditiffitnot
923 4049 1051 4130 juvenis,
1066 4058 1105 4109 ut

248 4142 281 4209 la
296 4148 403 4213 alionis
419 4166 542 4213 ornaret
564 4151 721 4215 coloribus.
