2512 4920
346 392 353 405 0

547 448 551 453 '
684 446 691 461 Ι

350 774 354 779 -
422 730 817 798 Panatnoum..
985 745 1108 802 βω,

217 914 246 1005 l)
270 911 326 981 De
345 913 480 982 editione
503 909 691 1007 Hieronymi
709 912 747 980 de
767 904 881 1002 Bosclr.
922 926 1029 995 1795.
1105 957 1120 981 .-

216 1065 271 1137 ab
284 1091 327 1136 eo
348 1065 429 1136 inde
443 1080 708 1163 tempore,-quo
724 1061 933 1155 Anthologia
944 1061 1104 1134 Planudia

141 1198 180 1269 in
194 1192 307 1263 lucem
320 1189 368 1262 est
382 1191 491 1276 edita,
515 1191 583 1261 viri
601 1185 693 1260 dotti
707 1185 908 1269 exstiterunt
920 1187 1012 1260 baud
1023 1214 1104 1288 pau«
1178 1218 1181 1223 ·

141 1320 192 1402 ei,
214 1319 275 1414 qui
291 1318 547 1414 Epigrammata
562 1339 683 1409 graeca
699 1315 736 1385 in
752 1314 900 1385 latinum
914 1314 1110 1392 sermonem·

142 1458 397 1515 converterent.
471 1447 648 1535 Integram
681 1441 930 1534 Anthologiam
959 1439 1106 1539 pedestri
1213 1498 1217 1509 .

141 1573 303 1642 oratione
335 1568 441 1638 vertit
463 1567 634 1638 Eillordas
657 1566 815 1654 Latinam
852 1567 1010 1638 metn'cas
1032 1565 1106 1663 ejus

143 1689 316 1764 verbones
339 1694 554 1787 collegerunt
574 1691 765 1790 Megistros,
802 1692 972 1764 cocetum
991 1709 1027 1765 et
1045 1694 1105 1765 Ri-

109 1904 112 1915 .
142 1822 252 1904 eiras,
283 1842 389 1917 opera
409 1845 479 1891 non
500 1820 632 1906 inutili,
654 1819 782 1891 sedhis
805 1816 926 1889 nostris
939 1819 1106 1915 tempori·

146 1944 209 2015 bus
229 1943 305 2015 fere
326 1940 489 2042 despotia.
548 1949 603 2015 De
625 1945 752 2017 borum
774 1946 927 2053 virorum
950 1942 1111 2035 laudibus

145 2064 342 2167 disputarej
363 2067 468 2143 nostri
481 2065 629 2140 instituti
645 2095 715 2143 non
733 2066 790 2141 est.
825 2072 923 2141 Inter
937 2070 1115 2168 plurimos

145 2211 262 2267 autem
276 2207 396 2293 poetas
410 2198 535 2269 latinos
559 2197 674 2266 nullus
687 2194 831 2266 feliciori
846 2220 933 2266 rena
948 2214 984 2267 et
998 2198 1106 2269 acrio·

147 2347 185 2394 re
207 2318 319 2392 studio
339 2325 568 2419 Anthologiae
594 2323 712 2395 latinis
737 2322 889 2392 numeria
914 2324 1107 2397 reddendae

148 2450 330 2542 negotium
346 2448 553 2550 susceperat,
580 2473 684 2547 quam
697 2449 796 2542 Hogo
811 2450 969 2538 Grotius,
991 2449 1033 2522 de
1047 2477 1107 2523 cu·

148 2572 202 2670 jus
226 2575 479 2646 immortalibus
501 2579 538 2648 in
552 2579 669 2648 literas
688 2574 821 2648 meritis
839 2574 941 2646 satius
956 2574 1002 2648 est
1015 2593 1106 2649 tace³

149 2727 208 2773 re.
235 2726 340 2798 quam
362 2726 471 2801 pauca
493 2686 616 2774 dicere.
683 2706 715 2772 Is
738 2701 861 2792 igitur,
893 2704 952 2800 qui
966 2728 1107 2797 graecae

150 2828 290 2921 linguae
312 2844 469 2900 accurata
491 2829 630 2900 scientia
651 2843 687 2898 et
701 2828 828 2898 latinae
846 2828 985 2926 potleos
1001 2828 1107 2904 lacul-

150 2969 223 3025 tate
240 2951 365 3026 limiles
378 2953 499 3026 babuit
512 2978 711 3053 perpaucos,
722 2977 839 3050 parem
848 2950 984 3026 fortall'e
996 2960 1106 3031 nemi·

150 3105 249 3166 nem,
261 3106 334 3152 non
347 3081 455 3154 solum
471 3059 1020 3171 imniaAnthologiaetlanudeae
1032 3110 1106 3155 car·

149 3208 244 3280 noina
276 3205 486 3302 elegentibus
516 3207 679 3289 numeris„
697 3202 876 3302 expreffit,
919 3206 973 3278 led
1000 3213 1107 3282 etiam

150 3357 318 3425 magnum
341 3358 462 3405 eorum
483 3329 683 3417 numerum,
716 3356 803 3429 quae
821 3347 897 3404 tum
917 3351 1016 3406 mant
1034 3339 1108 3407 ine·

151 3458 236 3530 dita.
287 3461 437 3532 Nullum
453 3458 554 3530 facile
568 3460 766 3550 negotium,
801 3456 893 3555 quod
907 3459 1046 3556 quidem
1065 3462 1113 3535 ad

150 3585 373 3657 humaniores
402 3585 518 3657 literas
546 3585 761 3685 pertineret,
810 3597 992 3683 tantopere
1018 3588 1108 3660 dele·

152 3708 253 3784 stalle
280 3711 419 3782 ridetur
445 3735 611 3805 magnum
632 3712 764 3796 airum,
815 3733 918 3806 quam
950 3712 1044 3808 quod
1070 3714 1110 3786 in

151 3839 364 3930 Anthologia
397 3837 562 3917 vertenda
591 3833 750 3936 posuerat
774 3831 948 3922 fludium3
992 3852 1033 3907 ut
1053 3836 1118 3910 vel'

149 3964 235 4036 bine
256 3957 488 4060 'conjesturam
511 3963 637 4048 facim,
660 3946 829 4058 quantum
847 3963 893 4047 is,
927 3963 1121 4060 qui·pluri'··'›

120 4134 126 4147 ·
150 4116 249 4185 mum
272 4093 310 4163 in
332 4089 401 4161 hoc
426 4114 552 4186 genere
573 4102 729 4186 poterat,
762 4086 801 4156 in
821 4111 863 4157 eo
878 4066 1051 4175 effereris,
1073 4091 1111 4162 in
1199 4180 1205 4189 Ι

149 4241 220 4313 quo
240 4215 432 4314 plurimum
458 4213 660 4286 elaboraret.
719 4210 834 4307 Hujus
860 4227 977 4283 tamen
998 4218 1110 4311 operis

149 4340 361 4431 editionem,
386 4365 492 4441 quana
511 4354 623 4414 totam
642 4353 841 4438 parauerat,
872 4338 1111 4415 vehementer·
