2512 4920
416 674 846 779 l’noiaoonrenn.
995 702 1134 753 xxxix
1210 738 1213 743 .

1001 786 1008 815 l

170 854 379 962 γῃμμιίτων
393 858 569 956 στέφανον.
590 878 626 934 et
647 864 793 955 iterum:
810 858 884 937 otc
900 891 916 933 o
909 858 1127 962 Μιλέαγςος

168 975 395 1129 rplagnit
374 1015 409 1073 nr
441 983 479 1060 ai
494 988 585 1084 γένος
603 984 709 1087 Σόμς-
741 985 940 1070 transenna
969 988 999 1063 ir
1021 979 1125 1088 Κᾷτῇ

167 1142 254 1208 Ml?

229 1242 333 1321 Quae
355 1263 438 1312 cum
463 1240 514 1313 ita
536 1240 570 1313 se
592 1239 763 1331 habeant,
807 1245 978 1338 Meleager
999 1239 1120 1312 floruit

164 1389 241 1439 eum
255 1364 449 1464 Menippo,
471 1368 557 1440 item
577 1368 760 1444 Gadarene
784 1385 821 1441 et
847 1369 990 1465 Cynico.
1039 1369 1118 1463 Jam

162 1515 239 1563 tero
254 1493 417 1591 Menippi
432 1507 524 1564 aetas
539 1493 758 1569 ineertiffirna
772 1491 829 1565 est.
879 1493 934 1566 Ad
947 1487 1118 1587 conjettu·
1190 1576 1193 1581 ,

162 1642 233 1691 run
249 1617 358 1708 igitur
372 1616 559 1710 confugere
574 1618 747 1697 debemur
776 1619 934 1693 Burettus
947 1617 1116 1712 (Μὲωοί-

161 1768 210 1817 ree
231 1741 275 1815 de
290 1743 420 1815 l’Acad.
443 1744 501 1817 des
525 1746 680 1846 Inscript.
705 1752 810 1819 Tom.
832 1724 918 1817 Arx.
947 1772 982 1846 p.
1010 1744 1116 1836 441.)

160 1869 376 1961 Meleagrum
392 1869 450 1943 sub
466 1873 587 1971 primia
600 1872 782 1946 Alexandri
803 1868 1047 1945 succelloribus.
1063 1870 1115 1942 ri·

161 1988 235 2066 aille
255 1995 454 2093 suspicatur.
517 1999 685 2070 Martinus
705 1999 741 2071 in
767 1995 871 2096 Epist.
897 2002 1054 2071 Tomi.
1077 2020 1113 2095 p.

162 2136 242 2206 187·
260 2146 344 2194 eum
357 2121 418 2195 sub
431 2124 582 2210 Seleuco,
603 2125 769 2197 Antiochi
783 2129 833 2198 M
849 2120 940 2210 filio,
966 2117 1114 2203 floruisse

158 2249 214 2319 ait.
269 2249 339 2319 Alii
362 2249 472 2322 aliter.
524 2249 591 2323 Sed
606 2248 774 2323 verillima
795 2249 933 2322 videtur
948 2250 1115 2323 sententia

157 2370 358 2446 Scholiessae
390 2377 427 2447 in
449 2378 527 2448 Vat
544 2375 627 2449 cod.
651 2401 687 2473 p.
713 2389 770 2454 82.
795 2363 971 2475 relegerit
993 2371 1046 2457 riv,
1072 2369 1114 2455 air
1199 2358 1204 2371 ²

156 2496 567 2600 ὢτοῖςέμτςοσθιυαὸτδς
578 2496 701 2576 ἑαυτοῦ
712 2496 950 2605 ὅμημὸῃουσεν·
964 2498 1113 2599 inperat

155 2622 209 2700 tr>
222 2621 386 2702 Σιλιύκου
400 2623 459 2702 τοῦ
472 2622 630 2722 ἰαχείτω.

222 2757 265 2824 In
282 2753 349 2825 hac
364 2752 530 2826 sententia
544 2782 608 2829 eur
620 2752 900 2853 acquiescendum
915 2748 1110 2837 existimem,

151 2879 268 2978 paucis
315 2877 439 2951 (licam.
521 2885 618 2952 Inter
655 2880 817 2977 Meleagri
856 2881 1113 2979 Epigrammata

150 3028 260 3076 unum
274 3000 323 3075 est
345 3006 529 3098 (cxxllt)
545 3008 582 3077 in
594 3008 770 3106 Antipatri
783 3005 912 3079 Sidonii
926 3007 1112 3089 tumulum,

151 3156 257 3229 quem
274 3145 423 3202 aetatem
440 3156 549 3228 usque
566 3131 607 3203 ad
623 3131 677 3205 Oi
694 3128 791 3204 CLX.
809 3127 1017 3230 produxille,
1039 3155 1112 3201 cer·

149 3259 195 3328 tis
210 3257 348 3329 indiciis
361 3255 503 3329 constat.
555 3262 733 3329 Tenemus
749 3259 857 3350 igitur
871 3256 956 3343 hoc,
981 3257 1113 3328 Melea·

149 3406 254 3475 grum
275 3377 425 3455 floruiile
446 3380 521 3482 post
535 3383 590 3456 Ol.
605 3387 703 3455 CLX.
753 3384 832 3478 Jam
853 3408 936 3454 vero
959 3383 1113 3480 primum

151 3507 224 3602 ejus
238 3523 392 3580 aetatem
411 3506 457 3579 eb
470 3509 646 3608 Antipatri
657 3507 789 3580 Sidonii
810 3508 1023 3606 temporibus
1040 3531 1112 3577 non

147 3632 247 3705 valde
258 3650 431 3708 remotam
446 3630 561 3722 inille,
584 3635 725 3726 colligas
743 3659 784 3704 ex
796 3630 916 3705 Nostri
930 3633 1112 3706 Prooemio

146 3786 183 3832 v.
200 3778 262 3847 42.
279 3758 340 3831 ubi
353 3760 445 3832 illius
460 3772 586 3859 pottae
599 3761 752 3832 carmina
770 3759 823 3828 his
836 3758 948 3830 verbis
964 3762 1111 3831 circum·
1154 3748 1162 3763 ¹

145 3881 296 3983 seripfit:
321 3882 488 3962 onirocrit
500 3914 537 3964 re
558 3881 597 3963 ti
604 3914 650 3964 er
674 3880 798 3982 κύπςον
812 3880 875 3962 εἰτ’
897 3879 1110 3981 ἐντιτάτςου.

149 4011 218 4087 rie·
240 4014 366 4112 κύπςον
389 4014 540 4113 appellat
569 4014 820 4111 Antipatrum,
871 4024 913 4081 ut
939 4026 1113 4082 recentem

148 4148 301 4237 poetam.
355 4138 409 4212 Ad
444 4140 513 4212 hoe
551 4155 795 4233 argumentum
836 4135 929 4208 aliud
969 4131 1113 4216 accedit,
1154 4203 1158 4212 ,

104 4318 125 4331 -.
141 4265 263 4364 quod,
291 4267 448 4365 quamvis
461 4266 597 4374 longius
611 4267 783 4365 petitum,
802 4263 883 4337 satie
894 4274 1115 4358 tamenpon·
1201 4332 1204 4336 .

694 4415 764 4478 ⁶4
