2512 4920
1173 332 1186 343 a

427 681 807 755 Pnorrooma.
907 684 1098 759 'r'xxxrx

143 861 216 934 aeri
236 854 455 963 fimplioitate
477 857 681 936 doletirtum
707 858 795 951 eise,
837 885 983 966 eumque
1003 868 1117 960 adeo,-

142 988 288 1087 optione
313 989 409 1078 dota,
442 1014 483 1060 ex
506 989 575 1061 'ulis
596 988 709 1062 multo
721 991 822 1090 plura
835 1016 938 1089 quam
954 1019 994 1067 er
1009 996 1098 1070 anti-

142 1113 322 1209 quioribus
344 1116 382 1187 in
401 1109 647 1188 eouettionem
671 1114 765 1189 suem
784 1114 953 1218 recepiiie.
1013 1126 1099 1194 Ter.

141 1242 252 1329 tium,
275 1238 372 1340 quod
391 1242 428 1313 in
447 1242 595 1315 Planude
613 1241 892 1340 reprehenditur,
925 1246 1099 1344 prioribus

143 1366 210 1439 iuis
230 1366 435 1441 criminibus
453 1370 556 1461 longe
575 1363 623 1439 est
646 1369 795 1460 gravius.
844 1371 919 1452 Qui
938 1346 1018 1446 cum
1037 1371 1098 1447 fibi

142 1484 220 1566 em
235 1495 534 1593 Epigremmetum
554 1514 756 1587 graecorum
771 1494 959 1570 editionem
970 1523 1097 1600 propo·
1201 1532 1205 1539 ·

143 1614 325 1708 suiffet‘in
338 1643 406 1720 que
416 1621 534 1695 omnia
554 1616 646 1693 lefiu
661 1603 767 1692 eii'ent
788 1618 922 1712 facilia,
945 1627 1100 1724 primum

143 1748 254 1819 multe
267 1749 422 1821 carmina
435 1745 566 1819 nullam
581 1746 681 1819 aliam
697 1744 742 1819 ob
757 1746 890 1820 ceusrm
903 1747 1028 1838 omisit,
1046 1753 1099 1847 ni·

144 1870 276 1971 iiquod
295 1876 334 1946 in
349 1873 539 1975 archetypo
552 1872 613 1946 suo
628 1853 811 1971 depravata
824 1873 1040 1967 legebantur,
1061 1877 1099 1954 id
1151 1852 1153 1857 λ

142 1998 258 2095 quod,
281 1995 420 2098 fieequi
435 1993 685 2085 essevolumus,
708 2022 781 2071 non
792 1998 891 2073 valde
903 2000 1099 2100 vituperan-

145 2122 224 2199 dum
251 2123 317 2214 est3
350 2123 473 2198 deinde
491 2125 603 2198 muita
622 2122 776 2196 exhibuit
794 2128 933 2214 mutila,
966 2121 1099 2200 reseuis

145 2254 197 2339 iis,
224 2276 313 2349 quse
334 2251 514 2324 emendare
537 2275 607 2324 non
621 2267 758 2351 poterat
765 2253 816 2345 ¹),
840 2251 952 2324 multa
967 2224 1032 2353 pro
1051 2253 1101 2324 sui

143 2379 269 2470 ingenii
284 2377 426 2451 modulo
440 2360 635 2451 emendavit
657 2391 694 2448 et
709 2379 940 2478 interpolavit.
982 2382 1100 2449 'inter-
1239 2366 1241 2373 ’

142 2502 283 2601 poirndi
307 2502 405 2577 causo
434 2501 619 2575 admodum
648 2501 820 2601 frequens·
840 2501 1038 2577 nascebatur
1060 2529 1100 2575 ex

144 2627 375 2702 obscoenitate
391 2627 606 2726 quorundam
628 2630 842 2716 carminum,
864 2651 951 2726 quae
968 2652 1033 2701 nec
1047 2631 1099 2701 in·

144 2770 241 2849 tegre
253 2753 384 2828 servare
402 2751 527 2856 puiset,
543 2779 617 2827 nec
631 2754 770 2853 penitus
792 2753 955 2826 omittere
970 2770 1006 2825 et
1019 2728 1101 2828 reie-

144 2892 222 2955 cere
244 2882 361 2955 redet.
409 2887 451 2955 In
470 2882 644 2975 hirigitur
663 2882 714 2951 ita
729 2879 932 2979 plerumque
951 2878 1100 2954 versatur

100 3004 104 3013 '
142 2990 218 3094 est,¹
243 3022 288 3080 ut
304 3005 553 3082 mutationibus
581 3004 784 3106 quibusdam
810 3003 906 3078 sauia
926 3003 1101 3107 scrupulos

145 3136 335 3223 eximeret,
370 3136 438 3209 abit
462 3134 635 3220 demeret,
670 3132 737 3205 uia
760 3129 943 3227 adjiceret,
985 3124 1103 3234 inepte

145 3261 350 3360 plenumque
360 3276 397 3335 et
409 3258 482 3335 fine
495 3256 680 3334 venruiatis
696 3256 800 3333 sensu.
852 3256 918 3331 Sed
929 3257 994 3332 hac
1008 3259 1050 3331 de
1063 3284 1103 3332 re

142 3410 272 3486 operte
293 3388 446 3486 pretium
465 3384 513 3459 est
530 3384 744 3461 Brunckium
764 3383 881 3457 audire
901 3399 1104 3482 querentem

142 3510 252 3586 Praei.
275 3536 311 3612 p.
332 3518 379 3587 V.
438 3518 593 3601 „Nonne
619 3511 721 3585 setim
747 3506 878 3596 fuiuet,
909 3509 969 3583 ubi
988 3513 1104 3583 minua

147 3636 303 3729 „cunm
322 3638 526 3713 occurrebat
549 3662 706 3724 carmen,
737 3636 837 3735 quale
858 3636 910 3708 illi
926 3635 1034 3708 visum
1056 3632 1105 3707 est

146 3761 291 3852 „Rufini
297 3770 360 3864 Ep.
368 3769 414 3840 11.
429 3765 516 3841 iilud
528 3766 673 3841 omnino
687 3762 892 3865 praeterire,
906 3785 1008 3859 quam
1023 3761 1105 3833 ulti·

148 3916 275 3982 „mum
293 3887 459 3967 aliumere
471 3890 676 3968 distichon·
698 3885 980 3989 praecedentibus
1000 3884 1103 3958 seciu-

193 4158 231 4246 ')
255 4167 328 4231 Duo
342 4160 434 4248 hujoi
447 4169 570 4255 generir
585 4165 726 4248 exempla
739 4155 1022 4226 laudaffeiuffieitt:
1037 4154 1107 4220 Phi·
1212 4182 1218 4191 ·

247 4267 363 4332 lodemi
377 4273 432 4354 Ep·
446 4273 560 4337 xvui.
578 4268 717 4361 tuboe
738 4269 793 4349 Ep.
806 4267 846 4330 V.
1050 4292 1054 4299 ·

672 4382 738 4474 ir
