2512 4920
976 376 982 391 Ι

269 398 273 408 ι

420 754 803 845 Pn'orroonrrnn.
997 800 1101 853 mx

143 982 188 1034 ne
202 953 420 1049 intelligitur.
448 955 484 1025 Si
499 955 592 1024 enim
603 951 725 1026 Aldina
742 944 921 1045 exstitill'et,
942 960 1102 1061 principe

140 1083 375 1187 emendatior,
402 1080 477 1178 quis
492 1078 637 1164 dubitat,
664 1084 746 1176 quin
759 1083 865 1177 Junta
887 1085 1096 1169 emendatio·

141 1236 215 1284 rem
237 1210 335 1280 illam
362 1231 444 1305 prae
465 1207 573 1279 ultera
595 1208 805 1303 repetiturus
828 1201 972 1280 fuisset?
1018 1214 1097 1308 Jam
1151 1228 1154 1237 “
1218 1260 1222 1267 ·

141 1358 222 1407 cum
243 1335 302 1407 hic
325 1333 366 1404 nd
389 1333 581 1431 principem
603 1329 684 1403 Aldi
705 1330 910 1419 editionem,
937 1335 1031 1406 velut
1054 1333 1097 1412 ad

142 1459 266 1545 larum,
288 1458 491 1543 adhaeserit,
515 1456 634 1556 sponte
654 1455 814 1554 sequitur,
838 1456 998 1535 Aldinnm
1016 1466 1099 1538 anni
1193 1490 1199 1501 ’

146 1604 251 1672 ¹517·
270 1562 375 1684 quam
391 1585 565 1656 Mnittnire
579 1580 706 1670 laudat,
727 1578 887 1655 illiciam
901 1581 977 1663 else.

273 1808 315 1912 d)
343 1808 396 1885 De
414 1810 548 1885 editione
566 1809 683 1883 Aldina
696 1804 834 1907 serundo
857 1832 961 1898 1521.

209 1967 279 2039 Vix
303 1966 449 2064 Juntinn
469 1966 664 2065 prodierat,
708 1986 787 2037 cum
810 1967 917 2039 Aldus
938 1966 981 2039 do
1005 1988 1097 2049 novt

142 2090 293 2165 editione
304 2093 457 2186 cogitare
474 2093 598 2191 coepit,
626 2116 712 2189 quae
730 2087 822 2163 edita
837 2090 886 2163 est
901 2091 960 2165 sub
973 2093 1094 2168 titulo:

143 2220 347 2317 llorilrgiunn
382 2216 572 2313 diversorum
611 2220 889 2316 Epigrammatnnn
919 2220 952 2289 in
969 2220 1097 2316 septem

144 2346 247 2417 toros.
286 2342 406 2417 Solcrti
422 2366 522 2436 nuper
535 2356 742 2442 repurgatum
763 2366 847 2414 curo.
871 2348 924 2416 M.
943 2349 988 2417 D.
1005 2350 1094 2418 xxl.
1164 2342 1181 2427 f
1200 2414 1208 2439 ,

146 2473 325 2569 (Sequitur
338 2471 462 2571 titulus
478 2494 627 2563 graecus,
653 2484 694 2540 ut
709 2467 878 2540 inAldinn
893 2475 961 2569 pr.)
1002 2473 1098 2545 Nune

142 2600 207 2669 exit
228 2596 408 2695 castigatior
422 2620 513 2692 quom
533 2598 614 2667 olins
633 2616 777 2691 unquam,
796 2600 855 2688 pri
879 2599 940 2666 inis
963 2594 1096 2689 elustro·

143 2735 207 2795 tuor
235 2726 400 2795 erroribus
417 2722 582 2819 multisque
603 2721 767 2794 odonilnun
795 2720 1097 2819 Epigronmntibus.

119 2850 181 2927 ¹In
199 2843 284 2918 linc:
322 2846 461 2921 Veneriis
482 2850 515 2918 in
536 2849 758 2921 aediturAldi
770 2846 962 2921 ttAndreaa
979 2848 1094 2920 Soceri.
1182 2890 1188 2897 ’

143 2972 259 3045 Mense
277 2974 453 3072 Jaouario.
476 2977 529 3046 M.
550 2978 596 3046 D.
619 2978 706 3047 xxi.
757 2977 888 3046 Nonne
910 2974 977 3046 hoe
990 2973 1098 3069 titulo
1126 3014 1129 3023 ·

145 3100 253 3170 omnis
271 3099 314 3171 do
338 3098 490 3170 editione
512 3101 593 3170 rnni
617 3119 722 3185 1517·
738 3097 910 3172 dubitatio
930 3099 1096 3172 tollitur?

146 3220 279 3318 Priflini
291 3226 385 3297 enim
401 3226 452 3295 illi
469 3226 599 3298 errores?
609 3225 696 3297 nulli
713 3224 869 3314 suntalii,
887 3241 990 3324 quam
1008 3248 1094 3323 quor

149 3349 246 3422 Aldus
268 3352 304 3422 in
317 3346 468 3423 editione
480 3351 638 3450 principe
655 3350 881 3441 commiserat,
908 3350 1095 3449 Juntatol·

130 3474 212 3577 lere
224 3464 716 3575 neglexerat3:Epignammata
727 3493 854 3583 autem,
871 3475 993 3575 quibus
1007 3476 1096 3548 hano

149 3598 379 3674 mlleitionem
403 3599 581 3674 adautlum
603 3597 667 3674 elle
690 3604 755 3691 ait,
769 3602 821 3674 'ea
838 3603 931 3689 sunt,
957 3602 1098 3700 quaein

148 3724 357 3800 ustionibus
372 3728 464 3799 Edit.
480 3726 557 3799 Ald.
573 3752 626 3826 pr.
650 3728 776 3801 inserta
790 3730 970 3824 legunturt
994 3751 1038 3797 ne
1054 3725 1098 3796 da

153 3853 342 3950 Appendice
365 3853 459 3925 iorte
474 3849 625 3926 autliore
645 3854 792 3945 cogites,
822 3878 909 3951 quae
923 3851 1013 3924 nihil
1027 3875 1099 3921 am·

152 3978 232 4075 plius
250 3982 425 4064 continet,
463 3974 526 4077 niti
549 4002 637 4077 quoe
659 3978 804 4050 editioni
826 3980 908 4050 anni
934 3998 1037 4064 1503.
1057 3973 1100 4047 ab

153 4101 230 4173 udo
242 4103 396 4176 ¹fuerunt
415 4102 541 4176 rodina.
593 4102 732 4175 Constat
752 4103 838 4175 haec
859 4104 981 4186 editio,
1002 4098 1100 4193 cujus

138 4230 335 4328 ,exemplum
349 4227 396 4301 est
410 4232 448 4301 in
464 4227 551 4301 Bibl.
568 4223 805 4321 Gottingeufi,
830 4250 899 4325 quo
912 4223 962 4298 usn
974 4224 1099 4309 sumus,

93 4328 103 4357 ὸ
154 4336 236 4435 l⁰lil⁸
251 4354 511 4439 -oetxlutlv3
555 4351 758 4429 Autlrrium
780 4358 830 4429 Ν
853 4346 938 4427 lolio
965 4349 1102 4447 implet·

378 4574 384 4593 .
674 4502 741 4575 ⁸²
781 4552 785 4565 ’
851 4534 854 4539 ·
