2512 4920
90 43 114 285 Ι
1049 278 1059 297 l

307 778 312 791 .
428 672 812 758 Pirouoouru.
998 708 1109 760 xiix

159 858 263 949 »iton
291 866 447 941 Adriano
476 868 679 968 imperatori
710 871 852 968 aliisque
882 868 1104 969 probaverat3

156 995 228 1075 „sed
235 995 390 1068 Galenus
402 1018 483 1066 euru
496 1019 559 1093 per
572 995 801 1069 totumsuum
814 1000 1104 1074 commentarium

154 1121 231 1205 „sub
252 1121 397 1193 nomine
409 1120 586 1219 Capitonis
600 1117 808 1219 perstringit.
859 1123 951 1195 Inde
960 1116 1102 1223 apparet
1248 1140 1251 1151 “

153 1244 354 1325 »εΙιήίΓιιηε
384 1262 476 1318 setas
496 1243 676 1319 Stratonis.
728 1247 889 1319 Diversus
913 1245 960 1319 est
978 1252 1105 1349 Capito

151 1372 422 1450 „Alexandrinus
442 1384 564 1470 poitur,
593 1371 692 1468 'cujus
706 1367 845 1475 igurari
862 1373 978 1446 laudat
997 1376 1105 1447 Athe·

150 1524 278 1577 »naeus
295 1524 329 1598 p·
339 1521 422 1586 427.
438 1498 590 1595 ejusdem
605 1499 647 1572 ad
662 1498 912 1599 Philopappum
926 1524 1104 1575 commen·

149 1626 277 1703 ‚tarios
296 1648 330 1722 p.
351 1647 435 1711 ³50·
469 1622 631 1699 Aristides
656 1628 851 1698 orationem
871 1630 1013 1699 tertiam
1029 1629 1103 1700 Pla·

148 1752 327 1827 »tonicam
347 1754 394 1825 T.
412 1754 455 1823 11.
485 1775 520 1850 p.
543 1772 626 1837 315.
654 1751 697 1823 rd
719 1754 925 1850 Capitonem
954 1753 1105 1850 aliquem

146 1872 311 1975 „scripit
359 1877 433 1959 Qui
459 1901 578 1949 omnes
608 1874 729 1951 diversi
751 1902 815 1951 nec
835 1877 963 1953 medici
986 1878 1106 1952 sunt.“

146 2006 242 2075 Haec
257 2001 462 2074 &maenus
471 2000 570 2077 dotis
583 2019 619 2076 at
639 2002 875 2103 probabiliter.

159 2188 162 2195 ,
218 2129 391 2201 Stratonis
405 2129 628 2223 ¹Anthologia
657 2127 724 2203 five
745 2130 879 2223 puerilis
901 2125 1005 2224 'Musti
1021 2129 1109 2202 ulti·-

145 2276 242 2326 nrum
264 2268 376 2351 caput
388 2247 436 2325 est
457 2253 675 2328 Coiietiioeis
692 2281 713 2329 e
728 2251 951 2327 Constantino
967 2251 1109 2327 institue

145 2391 212 2452 tre.
262 2380 433 2463 Quinum
453 2380 626 2475 integrum
639 2382 809 2453 Stratonis
823 2404 908 2478 opus
923 2383 1108 2479 receperit,

145 2529 188 2579 an
209 2507 408 2578 carminum
425 2504 597 2581 -diletium
624 2494 801 2593 habuerit,
839 2506 1064 2604 ordinemque
1085 2530 1107 2578 s

143 2629 308 2703 Sardiano
338 2644 441 2730 potte
467 2630 663 2705 institutum
690 2648 810 2705 utrum
829 2631 1029 2717 servaverit,
1057 2654 1103 2705 an
1209 2650 1212 2655 ’

144 2756 352 2844 turbaverit,
388 2759 491 2856 plane
520 2760 781 2856 incompertum
816 2757 937 2828 habeo.
1006 2757 1104 2829 Certi

145 2881 284 2980 quidem
308 2883 438 2955 ordinis
464 2881 603 2978 vestigia
624 2887 662 2955 in
685 2887 764 2955 Vat.
786 2881 869 2953 eod.
898 2877 992 2953 nulla
1014 2881 1104 2953 sunt·

145 3008 250 3081 Initio
267 3010 391 3108 capitis
411 3011 578 3084 collocata
601 3010 678 3083 sunt
698 3009 818 3081 decem
833 3007 1003 3080 Stratonis
1019 3008 1102 3105 Epi·

144 3152 355 3226 grammata,
391 3137 513 3234 quibus
541 3126 608 3210 elia
640 3134 788 3208 aliorum
818 3142 999 3232 poetarum
1026 3126 1102 3203 su'b·

144 3256 230 3354 jetta
246 3261 337 3347 sunt,
360 3264 566 3336 intermixtis
582 3263 752 3335 Stratonis
767 3258 986 3344 carminibus,
1004 3256 1103 3352 cujus

145 3389 310 3459 LXXVII.
335 3390 451 3487 Epigr.
481 3388 556 3461 fera
583 3362 857 3461 'continua'serie
877 3380 1002 3482 pofita,
1035 3382 1103 3454 hoc

145 3527 248 3610 eaput
271 3512 452 3586 claudunt.
492 3515 717 3612 Reliquorum
741 3522 923 3610 poetarum
937 3507 1103 3592 carmina,

144 3640 286 3734 quaein
309 3640 376 3711 hac
394 3636 551 3743 Settiona
569 3642 741 3733 leguntur,
767 3636 845 3709 sunt
864 3634 1105 3706 adnumerum

143 3764 274 3834 ctxv.
327 3769 486 3851 Horum,
512 3783 592 3841 ante
615 3763 699 3840 eod.
711 3767 791 3836 vat.
815 3776 1002 3860 repertum,
1028 3756 1105 3829 nui·

143 3888 211 3962 lum
227 3890 300 3964 fuit
321 3891 470 3989 editum.
944 3884 949 3893 ⁵
