2512 4920
760 473 768 495 i

414 660 800 730 Pnorreoneuu.
984 679 1097 727 Lxlu

140 843 191 919 est
204 845 256 937 ’),
278 843 350 940 ejus
367 840 628 949 descriptionem
652 840 817 941 prodidit.
867 839 951 912 Inde
968 837 1099 913 fastum
1182 874 1185 879 ⁴

141 968 202 1057 est,
223 986 265 1043 ut
286 965 463 1041 dosiisiimi
482 967 605 1041 viride
623 969 833 1061 Anthologia
852 968 943 1039 illiue
963 967 1099 1040 Codicis

139 1095 260 1169 falsam
274 1097 390 1168 animo
400 1094 600 1194 opinionem
614 1092 833 1181 imbiberent,
850 1109 887 1166 et
895 1094 990 1166 suum
1006 1095 1099 1190 quis·

141 1247 212 1319 que
226 1221 485 1320 Apogrtphum,
504 1217 886 1321 quamv'iserExcerptis
899 1221 974 1317 plus
984 1221 1097 1291 minue

142 1349 313 1418 trunmtis
329 1346 544 1444 descriptum,
564 1366 633 1444 .pro
648 1344 1098 1438 genuianonstantiniAn·

140 1474 303 1565 tholegia
311 1471 463 1545 haberet.
487 1477 528 1544 ln
536 1469 711 1546 bisantem
720 1473 923 1571 apographis
931 1498 1011 1544 cum
1023 1473 1099 1571 plu·

143 1602 257 1672 rimae
269 1593 376 1670 essent
390 1595 611 1687 diversitates,
632 1600 754 1670 nonin
771 1594 908 1691 singulis
924 1600 1007 1673 locis
1023 1615 1099 1671 tan·
1209 1656 1213 1675 ,

142 1738 242 1810 tum,
269 1722 324 1797 sed
339 1726 445 1796 etiam
459 1725 496 1794 in
510 1728 710 1798 Carminum
724 1724 845 1797 ordine
858 1742 894 1795 et
908 1721 1099 1823 dispositio·

141 1875 203 1936 ne,
224 1864 267 1955 ut
286 1873 384 1922 error
404 1874 558 1925 errorem
578 1875 758 1949 procreare
771 1852 866 1938 solet,
888 1849 1098 1939 exstiterunt,

141 1977 207 2073 qui
223 1970 285 2045 iste
302 1976 512 2075 Apogrrphr
529 1999 599 2048 non
613 2002 653 2048 ex
667 1977 819 2064 un0,.sed
828 1977 1099 2076 pluribusAuto·

141 2101 287 2197 graphie
314 2097 507 2199 profluxisse
526 2097 588 2175 fibi
606 2101 856 2201 persuaderent.
907 2107 991 2187 Quo
1011 2103 1101 2176 nihil

141 2221 270 2299 satim.
308 2227 441 2301 Errorie
462 2227 620 2301 tenebras
646 2230 777 2326 primus
798 2229 968 2305 discutere
983 2229 1102 2327 coepit

141 2351 359 2439 Brunckinr,
382 2356 442 2451 qui
463 2368 600 2439 temen,
623 2378 704 2427 cum
724 2377 788 2425 neo
810 2353 919 2451 ipsum
937 2354 1102 2426 Codicem

141 2471 334 2566 milesset,
357 2504 423 2551 nec
450 2480 591 2578 plenum
613 2478 686 2575 ejus
709 2494 745 2549 et
764 2480 937 2572 integrum
955 2477 1103 2549 haberet

141 2605 413 2702 Apogrrphum,
436 2630 513 2678 rem
529 2608 666 2697 egregie
678 2604 875 2676 inchoatam
888 2601 1052 2702 perficere
1064 2617 1103 2675 ee

143 2728 187 2801 ed
200 2725 308 2805 finem
322 2730 509 2829 perducere
523 2756 594 2801 non
610 2742 759 2827 poterat.

219 2852 277 2926 Est
291 2858 400 2948 igitur
413 2857 472 2928 ille
485 2868 558 2928 tum
571 2854 761 2928 multorum
779 2851 987 2927 sermonibus
1002 2855 1101 2926 nobi·

142 2978 267 3053 litatus
279 2977 369 3053 liber
384 2982 422 3054 in
439 2979 647 3054 membranis
667 2980 822 3080 scriptus,
846 2978 940 3053 soliis
953 2981 1103 3080 andru·

195 3237 229 3330 ·)
253 3253 315 3313 reo
328 3251 475 3330 turno,
497 3248 738 3314 coemendarum
753 3247 812 3312 tuit
827 3251 985 3334 negotium
1004 3251 1104 3315 eone

249 3345 524 3437 Heidelbergensee
555 3357 680 3415 Romam
709 3348 928 3429 transferendi,
968 3349 1103 3413 nostrum

250 3451 362 3513 librum
378 3473 441 3514 non
456 3452 605 3536 neglexit,
625 3469 660 3515 ut
676 3467 799 3533 apparet
815 3472 854 3513 ex
873 3454 939 3531 ejus
953 3450 1041 3530 Epist.
1064 3452 1104 3514 ad

249 3551 341 3615 Grbr.
355 3552 549 3629 Naudaeum,
569 3553 651 3615 inter
664 3554 759 3615 Lireti
781 3547 927 3632 Responsa
945 3551 984 3614 de
999 3554 1104 3629 Quae·

248 3649 312 3713 fitis
336 3672 391 3734 per
412 3651 556 3731 Epistola:
579 3638 669 3716 Toni.
686 3654 712 3714 Ι.-
733 3673 765 3734 p.
784 3665 865 3730 309.
922 3651 1008 3712 Idem
1035 3653 1104 3730 ejus

249 3754 391 3815 meminit
411 3753 444 3814 in
465 3754 556 3816 Libro
579 3754 620 3817 de
639 3753 737 3816 Patria
757 3753 884 3814 Homeri
904 3772 931 3832 p.
958 3765 1040 3830 249·
1053 3781 1105 3796 -

251 3849 380 3919 Curiose
412 3852 546 3916 eundem
570 3855 703 3917 trrstavit
729 3854 828 3915 Emm.
856 3852 1023 3929 Martinus,
1054 3853 1106 3914 rui
1134 3868 1137 3872 ·

252 3956 319 4032 ejus
334 3949 514 4037 inspiciendi
523 3954 651 4037 potestas
664 3951 740 4017 saeta
758 3968 823 4013 erat
837 3971 892 4037 per
905 3953 1105 4014 Laurentium

251 4056 448 4140 Zuccagnrm,
466 4055 611 4120 Biblioth.
625 4059 693 4119 Vat·
711 4051 882 4116 Custodem.
931 4051 1011 4112 Vide
1025 4056 1107 4115 Mar·

251 4154 310 4216 tini
323 4155 414 4237 Epist.
437 4159 476 4220 Τ.
493 4158 520 4221 1.
539 4177 569 4238 p.
590 4161 672 4235 184·
692 4153 746 4215 ubi
767 4171 926 4234 perpetrm
947 4150 1048 4230 tradit,
1072 4151 1109 4215 iu

250 4252 328 4321 uibt
347 4256 506 4344 &therini
518 4257 670 4343 Meleagri
685 4257 839 4324 Coronam
858 4251 983 4316 exone.
