2512 4920
415 712 814 794 -Pnoueoomnt
931 740 1106 791 rcxxvn·
1218 750 1222 755 ·

148 910 371 984 collationem
394 934 418 1000 Ιι
438 901 599 979 Salmafio
616 905 651 1000 *)
673 896 861 1001 acc'epent.
916 905 1023 976 Hune
1034 916 1105 974 tea·

143 1051 241 1121 tum,
267 1060 287 1106 a
307 1036 437 1107 Grotio
457 1034 701 1141 constitutum,
727 1029 886 1103 Boschius
902 1018 1105 1115 deiiderana,

143 1162 320 1258 exeaupbr
338 1161 599 1231 wechelianum
622 1156 855 1229 excudendum
879 1156 1031 1241 curavit,
1056 1157 1107 1226 ita

144 1303 189 1359 ut
210 1287 301 1358 nihil
323 1282 386 1356 nifi
405 1281 669 1358 manifestiffima
688 1306 842 1380 quaeque
858 1282 943 1353 vitia
968 1280 1108 1353 tolleret

145 1428 184 1484 et
193 1410 409 1483 emendaret.
465 1413 561 1482 Hinc
575 1406 704 1483 fotium
717 1404 765 1480 est
779 1431 850 1479 non
863 1408 973 1479 tolum
983 1461 992 1493 ,
1004 1419 1057 1478 -ut
1070 1407 1108 1478 in

135 1536 273 1611 'novam
286 1537 420 1608 bancet
435 1533 641 1634 splendidam
658 1533 847 1607 editionem
861 1534 993 1619 multa,
1020 1532 1107 1628 jam·

126 1663 281 1736 dudum
295 1661 444 1745 sublata,
465 1660 550 1733 vitia
574 1659 730 1735 restituto
751 1655 833 1745 fint,
854 1684 976 1732 verum
989 1661 1108 1747 etiam,

145 1805 188 1863 ut
209 1788 331 1862 Grotii
352 1784 479 1873 verfio,
517 1788 672 1883 quamvis
692 1789 731 1857 in
754 1784 948 1861 universum
970 1784 1013 1857 nd
1034 1786 1108 1857 Ste-
1185 1864 1190 1877 ⁸

145 1916 255 2014 phuni
276 1929 410 1986 textum
430 1909 637 2011 eompofitt,
670 1914 708 1985 in
731 1912 856 1983 multis.
872 1927 989 1984 tamen
1011 1912 1108 1999 locis,
1146 2000 1151 2009 ¹

147 2064 236 2137 quae
256 2041 322 2111 Vir
342 2035 547 2111 doaiffimus
576 2035 773 2124 refinxerat,
810 2063 830 2108 a
853 2061 976 2139 graeco
1002 2054 1109 2126 textu,

146 2166 267 2238 latinis
296 2190 317 2235 e
342 2164 484 2257 regione
508 2161 643 2262 pofito,
684 2165 908 2236 vehementer
944 2163 1108 2237 diffident.

149 2295 246 2365 Huic
272 2285 646 2365 incommodofortaffe
665 2289 861 2363 medebitur
875 2315 915 2360 ea
934 2316 1014 2388 pars
1029 2316 1112 2391 ope·

148 2420 214 2503 ris,
248 2441 336 2514 quae
356 2429 558 2514 apparatum
578 2417 740 2489 criticum
762 2413 972 2499 continebit,
1010 2442 1049 2487 ex
1068 2417 1111 2488 iit

151 2541 301 2618 fubfidiis
316 2542 581 2628 concinnatum,
602 2567 690 2638 quae
703 2537 908 2615 dobiiffimus
922 2541 1043 2616 Editor
1059 2568 1112 2614 re·

151 2669 266 2741 censet
296 2671 332 2738 in
354 2667 592 2766 Descriptione
613 2667 845 2760 Antbologiae
866 2695 886 2739 a
905 2668 940 2741 se
961 2668 1112 2740 edendae

150 2821 188 2894 p.
204 2821 241 2883 4.
293 2790 349 2864 Est
362 2794 399 2864 in
416 2792 470 2864 his
483 2794 676 2890 exemplum
690 2793 851 2865 editionis
865 2795 1047 2892 Stephani,
1072 2795 1111 2866 in

151 2945 221 3018 quo
242 2935 363 2992 notata
385 2916 432 2990 est
456 2919 601 2991 varietas
618 2917 701 2989 Cod.
723 2919 886 3007 Palatini,
913 2917 1012 2992 {imul
1031 2944 1113 2993 cum
1219 2990 1224 3003 ,

152 3044 450 3117 emendationibus
464 3043 652 3117 Friederici
663 3042 854 3139 Sylburgii,
885 3047 977 3144 quod
995 3063 1114 3120 tamen

152 3169 224 3269 ipse
239 3169 364 3243 Editor
376 3196 449 3243 non
468 3172 587 3264 magni
610 3167 747 3242 videtur
771 3169 904 3259 facere3
924 3188 1115 3272 5praeteret

152 3295 225 3368 duo
248 3297 454 3395 exemplaria
475 3297 638 3369 editionis
661 3296 901 3368 Wecbelianae
920 3325 1000 3373 cum
1020 3302 1115 3372 notis

147 3423 344 3493 Burmanni
365 3423 528 3509 Secundi,
568 3419 748 3494 Schraderi
775 3438 812 3494 et
840 3424 1023 3503 aliorum.¹
1059 3424 1116 3498 Ad

151 3544 241 3629 baec
258 3546 427 3621 accedunt
440 3549 511 3623 duo
528 3547 755 3648 Apographa,
779 3573 873 3646 quae
880 3546 1115 3650 completioni·

203 3797 243 3878 ')
267 3800 342 3878 „De
360 3801 593 3887 Epigrammetit
615 3804 738 3868 Gtaoeit
761 3822 832 3866 cum
850 3804 883 3866 in
902 3822 941 3866 eo
964 3801 1117 3868 rescism

259 3917 319 3978 „te
333 3899 395 3963 effe
409 3952 418 3981 ‚
452 3919 487 3965 ut
500 3904 564 3965 otio
577 3904 714 3967 abundes
726 3902 764 3966 ad
779 3923 847 3967 eam
861 3923 927 3967 rem
940 3907 1116 3982 curandam,

263 3996 463 4078 „submittam
479 4002 536 4065 tibi
552 4023 658 4066 omnes
672 4000 902 4068 emendationes
915 4025 1007 4067 meas.
1055 4004 1117 4067 Sed

264 4104 353 4182 „otio
366 4104 460 4164 etiam
476 4104 553 4166 mihi
568 4091 644 4186 opus
661 4103 705 4166 est
718 4104 820 4167 adeas
838 4104 1034 4190 colligendas,
1055 4126 1117 4187 quo
1157 4148 1161 4157 .

154 4238 159 4243 -
262 4218 372 4280 fluunt
390 4213 514 4267 taren·t
563 4203 696 4266 Salmafii
719 4204 811 4267 verba
831 4201 901 4268 sunt
913 4201 1117 4296 scriptam·
1205 4285 1210 4291 ἢ

263 4303 828 4388 πόεςάιιῑεὶίιῑηιγςινιιιό·
908 4384 915 4393 ,
