2512 4920
14 65 45 106 es
68 38 208 107 Aldinae
225 38 387 134 principis
411 43 612 107 adverbum
628 67 802 133 expictae,
827 89 836 106 .

1 167 27 231 =l
54 165 213 234 foliorum
238 187 399 234 numerus
430 189 537 233 novoe
568 165 649 233 huic
670 164 838 232 editionis

1 293 171 361 innodatus
200 288 256 359 est.
316 295 393 385 Jam
433 291 514 360 hinc
549 293 763 380 intelligitur,
800 292 838 358 ho

1 436 60 487 tae
89 418 276 495 editionem
308 442 440 488 meram
470 417 613 487 Aldinae
644 419 838 514 repetitioni

0 606 4 622 ‚
33 544 221 639 etquidem
245 541 411 637 ejusmodi
432 544 685 640 repetitionem,
711 547 747 614 in
764 568 831 641 qua

2 670 234 770 ographorum
255 668 392 762 quidem
415 693 566 754 errores,
598 669 641 741 ab
662 669 752 741 Aldo
770 666 838 741 inl

1 800 15 866 i
39 796 202 881 indicati,
230 807 437 865 econtextu
455 776 577 865 ¹sublati
593 791 669 865 lint.
702 799 837 895 compa

21 927 32 1007 )
58 921 206 993 duorum
225 918 393 992 librorum
416 944 496 992 cum
517 921 663 993 Aldinae
681 935 778 993 textu
798 946 834 993 t:

0 1063 87 1119 tuta
103 1072 177 1119 rem
193 1048 243 1117 ita
258 1043 486 1133 confirmavit,
511 1061 552 1117 nt
570 1046 684 1118 nullus
699 1045 831 1119 dubitat

1 1199 85 1245 ocus
108 1170 243 1245 relictus
263 1169 316 1243 fit.
368 1177 547 1244 Praeterea
566 1172 827 1267 Anthologiael

1 1324 63 1370 eae
77 1301 113 1371 in
127 1301 192 1371 hac
208 1322 344 1395 quoque
363 1298 515 1370 editione
528 1300 646 1371 endem
662 1302 816 1371 carmina

17 1425 104 1512 sunt,
130 1450 217 1523 quae
230 1422 335 1495 Aldus
350 1427 483 1522 primus
498 1426 534 1495 in
543 1424 777 1523 Appendicem
791 1450 819 1497 rt

11 1557 141 1623 Nonne
156 1550 238 1622 hinc
252 1547 430 1623 clariffime
444 1565 594 1648 apparet,
610 1550 703 1648 quod
717 1575 773 1622 me
786 1551 816 1623 so

7 1674 237 1749 onstraturuni
265 1672 330 1747 else
352 1656 556 1775 profitebor,
596 1677 688 1747 inter
723 1674 812 1747 Aldii

28 1824 135 1894 1503.
154 1817 190 1874 et
198 1806 378 1899 Juntinam
388 1803 469 1873 anni
489 1823 596 1886 1519.
612 1800 743 1873 nullam
757 1825 807 1872 ex.

9 1930 66 1999 ina
80 1924 266 2027 prodiill'e?
306 1935 373 2015 An,
389 1925 520 2026 quaeso,
544 1922 724 1999 verilimile
742 1924 799 2013 est,

38 2056 74 2126 in
94 2078 184 2127 nova
212 2052 363 2147 editione
384 2053 535 2125 curanda
563 2066 637 2123 tam
668 2052 800 2145 neglige

21 2196 26 2204 ·
71 2206 87 2211 ··
118 2177 179 2222 -ffn
230 2192 271 2232 ne
293 2202 442 2254 errores.
474 2181 512 2250 in
533 2180 646 2266 prima
674 2180 798 2251 comm?
